@book {test,
	author = "Wood, Jesse",
	title = "My first book",
	year = "2019",
	publisher = "Wood Publishing"
	}

@online {ibm20,
	author = "IBM",
	title = "Bug-tracking, Improve product development by tracking software errors and defects",
	date = "2020-01",
	url = "https://www.ibm.com/topics/bug-tracking"
	}

@book {designpatterns97, 
	author = "Gamma, E",
	title = "Design Patterns, Elements of Reusable Object Orientated Software",
	year = "1997",
	publisher = "Pearson Education (US)"
	}

@book {cleancode08,
	author = "Martin, Robert",
	title = "Clean Code, A Handbook of Agile Software Craftsmenship",
	year = "2008",
	publisher = "Pearson Education"
	}

@online {mit20,
	author = "OpenSource",
	title = "Open Source Initiative, The MIT License",
	date = "2020-01",
	url = "https://opensource.org/licenses/MIT"
	}
