@book {test,
	author = "Wood, Jesse",
	title = "My first book",
	year = "2019",
	publisher = "Wood Publishing"
	}

@online {ibm20,
	author = "IBM",
	title = "Bug-tracking, Improve product development by tracking software errors and defects",
	date = "2020-01",
	url = "https://www.ibm.com/topics/bug-tracking"
	}

@book {designpatterns97, 
	author = "Gamma, E",
	title = "Design Patterns, Elements of Reusable Object Orientated Software",
	year = "1997",
	publisher = "Pearson Education (US)"
	}

@book {cleancode08,
	author = "Martin, Robert",
	title = "Clean Code, A Handbook of Agile Software Craftsmenship",
	year = "2008",
	publisher = "Pearson Education"
	}

@online {mit20,
	author = "OpenSource",
	title = "Open Source Initiative, The MIT License",
	date = "2020-01",
	url = "https://opensource.org/licenses/MIT"
	}

@online {sql20,
	author = "w3schools.com",
	title = "SQL Injection",
	date = "2020-01",
	url = "https://www.w3schools.com/sql/sql_injection.asp"
	}

@online {xss20,
	author = "OWASP",
       	title = "Cross-site Scripting (XSS)",
	date = "2020-01",
	url = "https://www.owasp.org/index.php/Cross-site_Scripting_(XSS)"
	}

@book {aboutface14,
	author = "Cooper, Allen",
	title = "About Face: The Essentials of Interaction Design, 4th Edition",
	year = "2014",
	publisher = "Wiley"
	}

@online {ieee20,
	author = "Taafe, Ed",
	title = "Software Requirements Specification",
       	date = "2020-01",
	url = "https://en.wikipedia.org/wiki/Software_requirements_specification"
}

@online {plantuml20,
	author = "PlantUML",
	title = "PlantUML in a nutshell",
	date = "2020-01",
	url = "https://plantuml.com/"
	}

@online {hash20,
	author = "GeeksForGeeks",
	title = "What are Hash Functions and How to choose a good Hash Function",
	date = "2020-01",
	url = "https://www.geeksforgeeks.org/what-are-hash-functions-and-how-to-choose-a-good-hash-function/"
	}

@book {totp11,
	author = "IETF",
	title = "TOTP: Time-Based One-Time Password Algorithm",
	year = "2011",
	publisher = "Internet Engineering Task Force"
	}
